@article{bacchetta,
    author =       {Alessandro Bacchetta et al},
    title =        {Semi-inclusive Deep Inelastic Scattering At Small Transverse Momentum},
    journal = {arXiv:0611265v2},
    year =         {2007}
}

@article{tung,
      author = {Wu-Ki Tung},
      title = {Perturbative QCD and the Parton Structure of the Nucleon},
}


