@article{bacchetta,
    author =       {Alessandro Bacchetta et al},
    title =        {Semi-inclusive Deep Inelastic Scattering At Small Transverse Momentum},
    journal = {arXiv:0611265v2},
    year =         {2007}
}

@article{drechsel-tiator,
    author =       {D. Drechsel and L. Tiator},
    title =        {Threshold Pion Production on Nucleons},
    journal = {J. Phys. G 18 449},
    year =         {1992}
}

@article{tung,
      author = {Wu-Ki Tung},
      title = {Perturbative QCD and the Parton Structure of the Nucleon},
}


@article{mirazita,
      author = {Marco Mirazita},
      title = {Momentum Corrections for E1-F},
}

@article{harrison,
      author = {Nathan Harrison},
      title = {Semi-Inclusive Pion Electronproduciton on the Proton},
}




