@article{bacchetta,
    author =       {Alessandro Bacchetta et al},
    title =        {Semi-inclusive Deep Inelastic Scattering At Small Transverse Momentum},
    journal = {arXiv:0611265v2},
    year =         {2007}
}
@article{bes_physics,
    author = {D. Asner and BES Collaboration},
    title = {Physics at BES},
    journal = {Int.\ J.\ Mod.\ Phys.\ A {\bf 24}, S1 (2009)
  [arXiv:0809.1869 [hep-ex]].},
    year = {2008}
}

@article{tung,
      author = {Wu-Ki Tung},
      title = {Perturbative QCD and the Parton Structure of the Nucleon},
}


